<?xml version="1.0" encoding="UTF-8"?><collection xmlns="http://www.loc.gov/MARC21/slim"><record><leader>00544nam--2200145-i-4500</leader><controlfield tag="001">000015673</controlfield><controlfield tag="002">20161230</controlfield><controlfield tag="005">20161230201031</controlfield><controlfield tag="008">060222s1000------------r-----000-0-eng-d</controlfield><datafield ind1=" " ind2=" " tag="080"><subfield code="a">515.15:515.175(061.3)</subfield></datafield><datafield ind1=" " ind2=" " tag="245"><subfield code="a">Proceedings of the second international conference on operator algebras, ideals and their applications in theoretical physics, leipzig, sept.25 - oct.2, 1983</subfield></datafield><datafield ind1=" " ind2=" " tag="260"><subfield code="a">Leipzig, Bsb B.G.Teubner Verlagsgesellschaft, 1984 236 P</subfield></datafield><datafield ind1=" " ind2=" " tag="490"><subfield code="a">Teubner-texte Zur Mathematik</subfield></datafield><datafield ind1=" " ind2=" " tag="700"><subfield code="a">Baumgartel, Hellmut, /S.A.</subfield></datafield><datafield ind1=" " ind2=" " tag="852"><subfield code="a">70329</subfield></datafield></record></collection>